@inproceedings{buttner2014growth,
  title={When growth stresses development. Interdependencies between housing, employment and mobility in the Munich metropolitan region},
  author={B{\"u}ttner, Benjamin and Zhao, Juanjuan and Thierstein, Alain and Wulfhorst, Gebhard and F{\"o}rster, Agnes and Sterzer, Lena},
  booktitle={RSAI-NECTAR},
  year={2014}
}

@article{egner2020local,
  title={Local Strategies to Counter the Rise of Housing Rents--Munich and Dresden in Comparison},
  author={Egner, Bj{\"o}rn and Kayser, Max},
  journal={German Politics},
  pages={1--20},
  year={2020},
  publisher={Taylor \& Francis}
}

@article{mobert2017outlook,
  title={Outlook of the German Housing Market in 2017},
  author={Mobert, J},
  journal={Outlook},
  year={2017}
}

@incollection{wegener1985dortmund,
  title={The Dortmund housing market model: a Monte Carlo simulation of a regional housing market},
  author={Wegener, Michael},
  booktitle={Microeconomic models of housing markets},
  pages={144--191},
  year={1985},
  publisher={Springer}
}

@phdthesis{betz2018consumer,
  title={Consumer financial behaviour examined within the munich condominium market--How likely is it to expect a housing bubble?},
  author={Betz, Eva-Maria},
  year={2018},
  school={Dublin Business School}
}


@article{abdulkadirouglu1999house,
  title={House allocation with existing tenants},
  author={Abdulkadiro{\u{g}}lu, Atila and S{\"o}nmez, Tayfun},
  journal={Journal of Economic Theory},
  volume={88},
  number={2},
  pages={233--260},
  year={1999},
  publisher={Elsevier}
}

@techreport{thakral2016public,
  title={The public-housing allocation problem},
  author={Thakral, Neil},
  year={2016},
  institution={Technical report, Harvard University}
}

@inproceedings{thakral2019matching,
  title={Matching with stochastic arrival},
  author={Thakral, Neil},
  booktitle={AEA Papers and Proceedings},
  volume={109},
  pages={209--12},
  year={2019}
}

@inproceedings{thakral2015matching,
  title={Matching with Stochastic Arrival.},
  author={Thakral, Neil},
  booktitle={EC},
  pages={343},
  year={2015}
}

@article{arnosti2020design,
  title={Design of lotteries and wait-lists for affordable housing allocation},
  author={Arnosti, Nick and Shi, Peng},
  journal={Management Science},
  volume={66},
  number={6},
  pages={2291--2307},
  year={2020},
  publisher={INFORMS}
}

@article{bloch2017dynamic,
  title={Dynamic assignment of objects to queuing agents},
  author={Bloch, Francis and Cantala, David},
  journal={American Economic Journal: Microeconomics},
  volume={9},
  number={1},
  pages={88--122},
  year={2017}
}

@article{leshno2019dynamic,
  title={Dynamic matching in overloaded waiting lists},
  author={Leshno, Jacob},
  journal={Available at SSRN 2967011},
  year={2019}
}